@article{hartmanis_stearns,
author = {Hartmanis, Juris and Stearns, R.},
year = {1965},
month = {05},
pages = {285-285},
title = {On the Computational Complexity of Algorithms},
volume = {117},
journal = {Transactions of The American Mathematical Society - TRANS AMER MATH SOC},
doi = {10.2307/1994208}
}


