@CONFERENCE{ForsterSmolka:2017:L-Computability,
  title = {Weak Call-by-Value Lambda Calculus as a Model of Computation in Coq},
  author = {Yannick Forster and Gert Smolka},
  year = {2017},
  month = {Apr},
  booktitle = { Interactive Theorem Proving - 8th International Conference, ITP 2017, Brasilia, Brazil, September 26-29, 2017},
}

@TECHREPORT{ForsterKunzeRoth:2019:wcbv-Reasonable,
  title = {The Weak Call-By-Value λ-Calculus is Reasonable for Both Time and Space},
  author = {Yannick Forster and Fabian Kunze and Marc Roth},
  year = {2019},
  month = {Feb},
  note = {Full version appeared as arXiv:1902.07515 To appear.},
}

@CONFERENCE{ForsterKunze:2019:Certifying-extraction,
  title = {A certifying extraction with time bounds from Coq to call-by-value λ-calculus},
  author = {Yannick Forster and Fabian Kunze},
  year = {2019},
  month = {Apr},
  booktitle = { Interactive Theorem Proving - 10th International Conference, ITP 2019, Portland, USA},
  note = {Also available as arXiv:1904.11818},
}
