@CONFERENCE{ForsterSmolka:2017:L-Computability,
  title = {Weak Call-by-Value Lambda Calculus as a Model of Computation in Coq},
  author = {Yannick Forster and Gert Smolka},
  year = {2017},
  month = {Apr},
  booktitle = { Interactive Theorem Proving - 8th International Conference, ITP 2017, Brasilia, Brazil, September 26-29, 2017},
}

@TECHREPORT{ForsterKunzeRoth:2019:wcbv-Reasonable,
  title = {The Weak Call-By-Value Lambda-Calculus is Reasonable for Both Time and Space},
  author = {Yannick Forster and Fabian Kunze and Marc Roth},
  year = {2019},
  month = {Feb},
  note = {Full version appeared as arXiv:1902.07515 To appear.},
}

@CONFERENCE{ForsterKunze:2019:Certifying-extraction,
  title = {A certifying extraction with time bounds from Coq to call-by-value Lambda-calculus},
  author = {Yannick Forster and Fabian Kunze},
  year = {2019},
  month = {Apr},
  booktitle = { Interactive Theorem Proving - 10th International Conference, ITP 2019, Portland, USA},
  note = {Also available as arXiv:1904.11818},
}

@BOOK{Sipser:TheoryofComputation,
  title = {Introduction to Theory of Computation}, 
  author = {Michael Sipser},
  publisher = {PWS Publishing Company},
  year = {1997},
  edition={1}
}

@unpublished{Bläser:TISkript, 
  title = {Theoretical Computer Science: An Introduction},
  author = {Markus Bläser}

}

@inproceedings{Cook:1971:CTP:800157.805047,
 author = {Cook, Stephen A.},
 title = {The Complexity of Theorem-proving Procedures},
 booktitle = {Proceedings of the Third Annual ACM Symposium on Theory of Computing},
 series = {STOC '71},
 year = {1971},
 isbn = {978-1-4503-7464-4},
 location = {Shaker Heights, Ohio, USA},
 pages = {151--158},
 numpages = {8},
 url = {http://doi.acm.org/10.1145/800157.805047},
 doi = {10.1145/800157.805047},
 acmid = {805047},
 publisher = {ACM},
 address = {New York, NY, USA},
} 
